@Article{cpHabits,
    author  = "Kathryn T. Stolee and Sebastian Elbaum and Gregg Rothermal",
    title   = "Revealing the Copy and Paste Habits of End Users",
    journal = "IEEE Symposium on Visual Languages and Human-Centric Computing",
    year    = "2009",
    pages   = "59--66",
    DOI     = "http://dx.doi.org/10.1109/VLHCC.2009.5295296"
}

@Article{maintenenceStudy,
    author  = "Andrew J. Ko and Htet Htet Aung and Brad A. Myers",
    title   = "Eliciting Design Requirements for Maintenance Oriented IDE's: A Detailed Study of Corrective and Perfective Maintenance Tasks",
    journal = "Research Showcase at Carnegie Mellon University",
    year    = "2005"
}

@Article{ooplCP,
    author  = "Miryung Kim and Lawrence Bergman and Tessa Lau and David Notkin",
    title   = "An Ethnographic Study of Copy and Paste Programming Practices in OOPL",
    journal = "International Symposium on Empirical Software Engineering",
    year    = "2004",
    pages   = "83--92"
}
    
@inproceedings{overlapWindow,
 author = {Chapuis, Olivier and Roussel, Nicolas},
 title = {Copy-and-paste Between Overlapping Windows},
 booktitle = {Proceedings of the SIGCHI Conference on Human Factors in Computing Systems},
 series = {CHI '07},
 year = {2007},
 isbn = {978-1-59593-593-9},
 location = {San Jose, California, USA},
 pages = {201--210},
 numpages = {10},
 url = {http://doi.acm.org/10.1145/1240624.1240657},
 doi = {10.1145/1240624.1240657},
 acmid = {1240657},
 publisher = {ACM},
 address = {New York, NY, USA},
 keywords = {copy-and-paste, overlapping windows, window management},
} 

% start of bib for section 5 CODE CLONING AND PATTERN RECOGNITION
@inproceedings{kim2005empirical,
  title={An empirical study of code clone genealogies},
  author={Kim, Miryung and Sazawal, Vibha and Notkin, David and Murphy, Gail},
  booktitle={ACM SIGSOFT Software Engineering Notes},
  volume={30},
  number={5},
  pages={187--196},
  year={2005},
  organization={ACM}
}

@inproceedings{zibran2011towards,
  title={Towards flexible code clone detection, management, and refactoring in IDE},
  author={Zibran, Minhaz F and Roy, Chanchal K},
  booktitle={Proceedings of the 5th International Workshop on Software Clones},
  pages={75--76},
  year={2011},
  organization={ACM}
}

@article{koschke2008frontiers,
  title={Frontiers of software clone management},
  author={Koschke, Rainer},
  journal={Frontiers of Software Maintenance},
  volume={2008},
  pages={119--128},
  year={2008}
}

@book{koschke2007survey,
  title={Survey of research on software clones},
  author={Koschke, Rainer},
  year={2007},
  publisher={Internat. Begegnungs-und Forschungszentrum f{\"u}r Informatik}
}
% end of bib for section 5 CODE CLONING AND PATTERN RECOGNITION

@article{codeReuse,
    title ="Code Reuse in Open Source Software",
    author ="Haefliger, Stefan and von Krogh, Georg and Spaeth, Sebastian",
    journal = "Management Science",
    volume ="54"
    year    = "2007",
    pages   = "180--193"
}